<record><leader>00000cas a2200000 i 4500</leader><controlfield tag="001">9460519</controlfield><controlfield tag="008">830429d19421945azucr ne      0   a0eng c</controlfield><datafield ind1=" " ind2=" " tag="010"><subfield code="a">sn 83025353 </subfield></datafield><datafield ind1=" " ind2=" " tag="040"><subfield code="a">NPV</subfield><subfield code="b">eng</subfield><subfield code="e">rda</subfield><subfield code="c">NPV</subfield><subfield code="d">UNP</subfield><subfield code="d">DLC</subfield><subfield code="d">NST</subfield><subfield code="d">CNK</subfield><subfield code="d">ANN</subfield><subfield code="d">CNW</subfield><subfield code="d">CVF</subfield><subfield code="d">ANN</subfield><subfield code="d">DLC</subfield><subfield code="d">OCLCQ</subfield><subfield code="d">OCLCF</subfield><subfield code="d">OCLCO</subfield><subfield code="d">OCLCQ</subfield><subfield code="d">IUL</subfield></datafield><datafield ind1=" " ind2=" " tag="019"><subfield code="a">8246059</subfield></datafield><datafield ind1="0" ind2=" " tag="041"><subfield code="a">eng</subfield><subfield code="a">jpn</subfield></datafield><datafield ind1=" " ind2=" " tag="042"><subfield code="a">pcc</subfield></datafield><datafield ind1=" " ind2=" " tag="043"><subfield code="a">n-us-az</subfield></datafield><datafield ind1="0" ind2="0" tag="050"><subfield code="a">Newspaper</subfield></datafield><datafield ind1="0" ind2="0" tag="245"><subfield code="a">Gila news-courier.</subfield></datafield><datafield ind1=" " ind2="1" tag="264"><subfield code="a">Rivers, Arizona:</subfield><subfield code="b">War Relocation Authority,</subfield><subfield code="c">1942-1945.</subfield></datafield><datafield ind1=" " ind2=" " tag="300"><subfield code="a">4 volumes</subfield></datafield><datafield ind1=" " ind2=" " tag="310"><subfield code="a">Semiweekly,</subfield><subfield code="b">Oct. 31, 1944-Sept. 5, 1945</subfield></datafield><datafield ind1=" " ind2=" " tag="321"><subfield code="a">Semiweekly,</subfield><subfield code="b">Sept. 12-Dec. 12, 1942</subfield></datafield><datafield ind1=" " ind2=" " tag="321"><subfield code="a">Triweekly,</subfield><subfield code="b">Dec. 15, 1942-Oct. 28, 1944</subfield></datafield><datafield ind1=" " ind2=" " tag="336"><subfield code="a">text</subfield><subfield code="b">txt</subfield><subfield code="2">rdacontent</subfield></datafield><datafield ind1=" " ind2=" " tag="337"><subfield code="a">unmediated</subfield><subfield code="b">n</subfield><subfield code="2">rdamedia</subfield></datafield><datafield ind1=" " ind2=" " tag="338"><subfield code="a">volume</subfield><subfield code="b">nc</subfield><subfield code="2">rdacarrier</subfield></datafield><datafield ind1="0" ind2=" " tag="362"><subfield code="a">Vol. I, no. I (September 12, 1942)-vol. IV, no. 69 (Sept. 5, 1945).</subfield></datafield><datafield ind1="0" ind2=" " tag="490"><subfield code="a">Japanese camp papers</subfield></datafield><datafield ind1=" " ind2=" " tag="500"><subfield code="a">Collected in Japanese camp papers.</subfield></datafield><datafield ind1=" " ind2=" " tag="530"><subfield code="a">Available on microfilm from the Library of Congress, Photoduplication Service.</subfield></datafield><datafield ind1=" " ind2=" " tag="546"><subfield code="a">In English and Japanese.</subfield></datafield><datafield ind1=" " ind2=" " tag="550"><subfield code="a">Published at the Gila River Relocation Center by the War Relocation Authority.</subfield></datafield><datafield ind1=" " ind2="0" tag="650"><subfield code="a">Japanese Americans</subfield><subfield code="z">Arizona</subfield><subfield code="z">Rivers</subfield><subfield code="v">Newspapers.</subfield></datafield><datafield ind1=" " ind2="0" tag="651"><subfield code="a">Rivers (Ariz.)</subfield><subfield code="v">Newspapers.</subfield></datafield><datafield ind1=" " ind2="0" tag="651"><subfield code="a">Pinal County (Ariz.)</subfield><subfield code="v">Newspapers.</subfield></datafield><datafield ind1=" " ind2="7" tag="650"><subfield code="a">Japanese Americans.</subfield><subfield code="2">fast</subfield><subfield code="0">(OCoLC)fst00981441</subfield></datafield><datafield ind1=" " ind2="7" tag="651"><subfield code="a">Arizona</subfield><subfield code="z">Pinal County.</subfield><subfield code="2">fast</subfield><subfield code="0">(OCoLC)fst01206040</subfield></datafield><datafield ind1=" " ind2="7" tag="651"><subfield code="a">Arizona</subfield><subfield code="z">Rivers.</subfield><subfield code="2">fast</subfield><subfield code="0">(OCoLC)fst01264583</subfield></datafield><datafield ind1=" " ind2="7" tag="655"><subfield code="a">Newspapers.</subfield><subfield code="2">fast</subfield><subfield code="0">(OCoLC)fst01423814</subfield></datafield><datafield ind1="2" ind2=" " tag="710"><subfield code="a">Gila River Relocation Center.</subfield></datafield><datafield ind1="0" ind2=" " tag="730"><subfield code="a">Japanese camp papers.</subfield></datafield><datafield ind1=" " ind2=" " tag="752"><subfield code="a">United States</subfield><subfield code="b">Arizona</subfield><subfield code="c">Pinal</subfield><subfield code="d">Rivers.</subfield></datafield><datafield ind1="0" ind2="0" tag="785"><subfield code="t">Gila bulletin</subfield><subfield code="w">(DLC)sn 83025352</subfield><subfield code="w">(OCoLC)9427380</subfield></datafield><datafield ind1="4" ind2="1" tag="856"><subfield code="u">http://proxyiub.uits.iu.edu/login?url=http://infoweb.newsbank.com/?db=EANX&amp;s_browseRef=decades/14D0A40C4A9FA2B1/all.xml</subfield></datafield><datafield ind1="1" ind2=" " tag="029"><subfield code="a">AU@</subfield><subfield code="b">000041710088</subfield></datafield></record>